@book{CassandraDefinitiveGuide,
  author    = {Jeff Carpenter, Eben Hewitt}, 
  title     = {Cassandra: The Definitive Guide},
  publisher = {O'Reilly Media},
  year      = 2016,
  edition   = 2,
  isbn	    = {1-4919-3366-6}
  isbn      = {3257227892}
}

